@book{agresti2013,
	author = {Agresti, Alan},
	title = {Categorical data analysis},
	publisher = {Wiley},
	address = {Hoboken, NJ},
	edition = {3rd},
	series = {Wiley series in probability and statistics},
	pages = {xvi, 714 p.},
	ISBN = {9780470463635 (hardback)},
	year = {2013},
	type = {Book}
}

@article{aguet2017,
	author = {Aguet, François and Brown, Andrew A. and Castel, Stephane E. and Davis, Joe R. and He, Yuan and Jo, Brian and Mohammadi, Pejman and Park, YoSon and Parsana, Princy and Segrè, Ayellet V. and Strober, Benjamin J. and Zappala, Zachary and Cummings, Beryl B. and Gelfand, Ellen T. and Hadley, Kane and Huang, Katherine H. and Lek, Monkol and Li, Xiao and Nedzel, Jared L. and Nguyen, Duyen Y. and Noble, Michael S. and Sullivan, Timothy J. and Tukiainen, Taru and MacArthur, Daniel G. and Getz, Gad and Addington, Anjene and Guan, Ping and Koester, Susan and Little, A. Roger and Lockhart, Nicole C. and Moore, Helen M. and Rao, Abhi and Struewing, Jeffery P. and Volpi, Simona and Brigham, Lori E. and Hasz, Richard and Hunter, Marcus and Johns, Christopher and Johnson, Mark and Kopen, Gene and Leinweber, William F. and Lonsdale, John T. and McDonald, Alisa and Mestichelli, Bernadette and Myer, Kevin and Roe, Bryan and Salvatore, Michael and Shad, Saboor and Thomas, Jeffrey A. and Walters, Gary and Washington, Michael and Wheeler, Joseph and Bridge, Jason and Foster, Barbara A. and Gillard, Bryan M. and Karasik, Ellen and Kumar, Rachna and Miklos, Mark and Moser, Michael T. and Jewell, Scott D. and Montroy, Robert G. and Rohrer, Daniel C. and Valley, Dana and Mash, Deborah C. and Davis, David A. and Sobin, Leslie and Barcus, Mary E. and Branton, Philip A. and Abell, Nathan S. and Balliu, Brunilda and Delaneau, Olivier and Frésard, Laure and Gamazon, Eric R. and Garrido-Martín, Diego and Gewirtz, Ariel D. H. and Gliner, Genna and Gloudemans, Michael J. and Han, Buhm and He, Amy Z. and Hormozdiari, Farhad and Li, Xin and Liu, Boxiang and Kang, Eun Yong and McDowell, Ian C. and Ongen, Halit and Palowitch, John J. and Peterson, Christine B. and Quon, Gerald and Ripke, Stephan and Saha, Ashis and Shabalin, Andrey A. and Shimko, Tyler C. and Sul, Jae Hoon and Teran, Nicole A. and Tsang, Emily K. and Zhang, Hailei and Zhou, Yi-Hui and Bustamante, Carlos D. and Cox, Nancy J. and Guigó, Roderic and others },
	title = {Genetic effects on gene expression across human tissues},
	journal = {Nature},
	volume = {550},
	number = {7675},
	pages = {204-213},
	ISSN = {0028-0836
	1476-4687},
	DOI = {10.1038/nature24277},
	year = {2017},
	type = {Journal Article}
}

@article{andrews1974,
	author = {Andrews, D. F. and Mallows, C. L.},
	title = {Scale Mixtures of Normal Distributions},
	journal = {Journal of the Royal Statistical Society. Series B (Methodological)},
	volume = {36},
	number = {1},
	pages = {99-102},
	ISSN = {00359246},
	url = {http://www.jstor.org/stable/2984774},
	year = {1974},
	type = {Journal Article}
}

@article{arbab2012,
	author = {Arbab-Zadeh, A. and Nakano, M. and Virmani, R. and Fuster, V.},
	title = {Acute Coronary Events},
	journal = {Circulation},
	volume = {125},
	number = {9},
	pages = {1147-1156},
	ISSN = {0009-7322
	1524-4539},
	DOI = {10.1161/circulationaha.111.047431},
	year = {2012},
	type = {Journal Article}
}

@article{arbab2015,
	author = {Arbab-Zadeh, A. and Fuster, V.},
	title = {The myth of the "vulnerable plaque": transitioning from a focus on individual lesions to atherosclerotic disease burden for coronary artery disease risk assessment},
	journal = {J Am Coll Cardiol},
	volume = {65},
	number = {8},
	pages = {846-55},
	ISSN = {1558-3597 (Electronic)
	0735-1097 (Linking)},
	DOI = {10.1016/j.jacc.2014.11.041},
	url = {http://www.ncbi.nlm.nih.gov/pubmed/25601032},
	year = {2015},
	type = {Journal Article}
}

@article{atay2005,
	author = {Atay-Kayis, A. and Massam, H.},
	title = {A Monte Carlo method for computing the marginal likelihood in nondecomposable Gaussian graphical models},
	journal = {Biometrika},
	volume = {92},
	number = {2},
	pages = {317-335},
	ISSN = {0006-3444
	1464-3510},
	DOI = {10.1093/biomet/92.2.317},
	year = {2005},
	type = {Journal Article}
}

@article{banerjee2008,
	author = {Banerjee, Onureena and Ghaoui, Laurent El and d'Aspremont, Alexandre},
	title = {Model Selection Through Sparse Maximum Likelihood Estimation for Multivariate Gaussian or Binary Data},
	journal = {J. Mach. Learn. Res.},
	volume = {9},
	pages = {485-516},
	ISSN = {1532-4435},
	year = {2008},
	type = {Journal Article}
}

@article{barupal2012,
	author = {Barupal, Dinesh K. and Haldiya, Pradeep K. and Wohlgemuth, Gert and Kind, Tobias and Kothari, Shanker L. and Pinkerton, Kent E. and Fiehn, Oliver},
	title = {MetaMapp: mapping and visualizing metabolomic data by integrating information from biochemical pathways and chemical and mass spectral similarity},
	journal = {BMC Bioinformatics},
	volume = {13},
	number = {1},
	pages = {99},
	ISSN = {1471-2105},
	DOI = {10.1186/1471-2105-13-99},
	year = {2012},
	type = {Journal Article}
}

@article{barupal2017,
	author = {Barupal, Dinesh Kumar and Fiehn, Oliver},
	title = {Chemical Similarity Enrichment Analysis (ChemRICH) as alternative to biochemical pathway mapping for metabolomic datasets},
	journal = {Scientific Reports},
	volume = {7},
	number = {1},
	ISSN = {2045-2322},
	DOI = {10.1038/s41598-017-15231-w},
	year = {2017},
	type = {Journal Article}
}

@book{baynes2014,
	title={Medical Biochemistry},
	author={Baynes, John W and Dominiczak, Marek H},
	year={2014},
	eddition={4},
	publisher={Elsevier Health Sciences}
}

@article{benjamin2017,
	author = {Benjamin, Emelia J. and Blaha, Michael J. and Chiuve, Stephanie E. and Cushman, Mary and Das, Sandeep R. and Deo, Rajat and de Ferranti, Sarah D. and Floyd, James and Fornage, Myriam and Gillespie, Cathleen and Isasi, Carmen R. and Jiménez, Monik C. and Jordan, Lori Chaffin and Judd, Suzanne E. and Lackland, Daniel and Lichtman, Judith H. and Lisabeth, Lynda and Liu, Simin and Longenecker, Chris T. and Mackey, Rachel H. and Matsushita, Kunihiro and Mozaffarian, Dariush and Mussolino, Michael E. and Nasir, Khurram and Neumar, Robert W. and Palaniappan, Latha and Pandey, Dilip K. and Thiagarajan, Ravi R. and Reeves, Mathew J. and Ritchey, Matthew and Rodriguez, Carlos J. and Roth, Gregory A. and Rosamond, Wayne D. and Sasson, Comilla and Towfighi, Amytis and Tsao, Connie W. and Turner, Melanie B. and Virani, Salim S. and Voeks, Jenifer H. and Willey, Joshua Z. and Wilkins, John T. and Wu, Jason H. Y. and Alger, Heather M. and Wong, Sally S. and Muntner, Paul},
	title = {Heart Disease and Stroke Statistics--2017 Update: A Report From the American Heart Association},
	journal = {Circulation},
	volume = {135},
	number = {10},
	pages = {e146-e603},
	ISSN = {0009-7322
	1524-4539},
	DOI = {10.1161/cir.0000000000000485},
	year = {2017},
	type = {Journal Article}
}

@article{bentzon2014,
	author = {Bentzon, J. F. and Otsuka, F. and Virmani, R. and Falk, E.},
	title = {Mechanisms of Plaque Formation and Rupture},
	journal = {Circulation Research},
	volume = {114},
	number = {12},
	pages = {1852-1866},
	ISSN = {0009-7330
	1524-4571},
	DOI = {10.1161/circresaha.114.302721},
	year = {2014},
	type = {Journal Article}
}

@article{betancourt2017,
	author = {Betancourt, M.},
	title = {A Conceptual Introduction to Hamiltonian Monte Carlo},
	journal = {ArXiv},
	archivePrefix = {arXiv},
	eprint = {1701.02434},
	primaryClass = {stat.ME},
	keywords = {Statistics - Methodology},
	year = {2017},
}

@article{bories2017,
	author = {Bories, Gael F. P. and Leitinger, Norbert},
	title = {Macrophage metabolism in atherosclerosis},
	journal = {FEBS Letters},
	volume = {591},
	number = {19},
	pages = {3042-3060},
	ISSN = {00145793},
	DOI = {10.1002/1873-3468.12786},
	year = {2017},
	type = {Journal Article}
}

@article{breitling2006,
	author = {Breitling, Rainer and Ritchie, Shawn and Goodenowe, Dayan and Stewart, Mhairi L. and Barrett, Michael P.},
	title = {Ab initio prediction of metabolic networks using Fourier transform mass spectrometry data},
	journal = {Metabolomics},
	volume = {2},
	number = {3},
	pages = {155-164},
	ISSN = {1573-3882
	1573-3890},
	DOI = {10.1007/s11306-006-0029-z},
	year = {2006},
	type = {Journal Article}
}

@article{brown2017,
	author = {Brown, Andrew Anand and Viñuela, Ana and Delaneau, Olivier and Spector, Tim D. and Small, Kerrin S. and Dermitzakis, Emmanouil T.},
	title = {Predicting causal variants affecting expression by using whole-genome sequencing and RNA-seq from multiple human tissues},
	journal = {Nature Genetics},
	volume = {49},
	number = {12},
	pages = {1747-1751},
	ISSN = {1061-4036
	1546-1718},
	DOI = {10.1038/ng.3979},
	year = {2017},
	type = {Journal Article}
}

@article{bruntz2017,
	author = {Bruntz, Ronald C. and Lane, Andrew N. and Higashi, Richard M. and Fan, Teresa W. M.},
	title = {Exploring cancer metabolism using stable isotope-resolved metabolomics (SIRM)},
	journal = {Journal of Biological Chemistry},
	volume = {292},
	number = {28},
	pages = {11601-11609},
	ISSN = {0021-9258
	1083-351X},
	DOI = {10.1074/jbc.R117.776054},
	year = {2017},
	type = {Journal Article}
}

@article{carlisle2016,
	author = {Carlisle, Samantha M. and Trainor, Patrick J. and Yin, Xinmin and Doll, Mark A. and Stepp, Marcus W. and States, J. Christopher and Zhang, Xiang and Hein, David W.},
	title = {Untargeted polar metabolomics of transformed MDA-MB-231 breast cancer cells expressing varying levels of human arylamine N-acetyltransferase 1},
	journal = {Metabolomics},
	volume = {12},
	number = {7},
	ISSN = {1573-3882
	1573-3890},
	DOI = {10.1007/s11306-016-1056-z},
	year = {2016},
	type = {Journal Article}
}

@article{carpenter2017,
	author = {Carpenter, Bob and Gelman, Andrew and Hoffman, Matthew D. and Lee, Daniel and Goodrich, Ben and Betancourt, Michael and Brubaker, Marcus and Guo, Jiqiang and Li, Peter and Riddell, Allen},
	title = {Stan: A Probabilistic Programming Language},
	journal = {Journal of Statistical Software},
	volume = {76},
	number = {1},
	ISSN = {1548-7660},
	DOI = {10.18637/jss.v076.i01},
	year = {2017},
	type = {Journal Article}
}

@article{carvalho2010,
	author = {Carvalho, C. M. and Polson, N. G. and Scott, J. G.},
	title = {The horseshoe estimator for sparse signals},
	journal = {Biometrika},
	volume = {97},
	number = {2},
	pages = {465-480},
	ISSN = {0006-3444
	1464-3510},
	DOI = {10.1093/biomet/asq017},
	year = {2010},
	type = {Journal Article}
}

@book{casella2002,
	author = {Casella, George and Berger, Roger L.},
	year = {2002},
	title = {Statistical Inference},
	edition = {2nd},
	publisher = {Duxbury},
	address = {Pacific Grove, CA},
	ISBN = {9780534243128)}
}

@article{chait2016,
	author = {Chait, Alan and Eckel, Robert H.},
	title = {Lipids, Lipoproteins, and Cardiovascular Disease: Clinical Pharmacology Now and in the Future},
	journal = {The Journal of Clinical Endocrinology and Metabolism},
	volume = {101},
	number = {3},
	pages = {804-814},
	ISSN = {0021-972X
	1945-7197},
	DOI = {10.1210/jc.2015-3940},
	year = {2016},
	type = {Journal Article}
}

@article{chen2002,
	author = {Chen, Xin and Reynolds, Charles H.},
	title = {Performance of Similarity Measures in 2D Fragment-Based Similarity Searching:  Comparison of Structural Descriptors and Similarity Coefficients},
	journal = {Journal of Chemical Information and Computer Sciences},
	volume = {42},
	number = {6},
	pages = {1407-1414},
	ISSN = {0095-2338},
	DOI = {10.1021/ci025531g},
	year = {2002},
	type = {Journal Article}
}

@article{cheng2012,
	author = {Cheng, Yuan and Lenkoski, Alex},
	title = {Hierarchical Gaussian graphical models: Beyond reversible jump},
	journal = {Electronic Journal of Statistics},
	volume = {6},
	number = {0},
	pages = {2309-2331},
	ISSN = {1935-7524},
	DOI = {10.1214/12-ejs746},
	year = {2012},
	type = {Journal Article}
}

@article{chong2018,
	author = {Chong, Jasmine and Soufan, Othman and Li, Carin and Caraus, Iurie and Li, Shuzhao and Bourque, Guillaume and Wishart, David S. and Xia, Jianguo},
	title = {MetaboAnalyst 4.0: towards more transparent and integrative metabolomics analysis},
	journal = {Nucleic Acids Research},
	volume = {46},
	number = {W1},
	pages = {W486-W494},
	ISSN = {0305-1048
	1362-4962},
	DOI = {10.1093/nar/gky310},
	year = {2018},
	type = {Journal Article}
}

@article{collins2003,
	author = {Collins, F. S.},
	title = {The Human Genome Project: Lessons from Large-Scale Biology},
	journal = {Science},
	volume = {300},
	number = {5617},
	pages = {286-290},
	ISSN = {00368075
	10959203},
	DOI = {10.1126/science.1084564},
	year = {2003},
	type = {Journal Article}
}

@article{croft2014,
	author = {Croft, D. and Mundo, A. F. and Haw, R. and Milacic, M. and Weiser, J. and Wu, G. and Caudy, M. and Garapati, P. and Gillespie, M. and Kamdar, M. R. and Jassal, B. and Jupe, S. and Matthews, L. and May, B. and Palatnik, S. and Rothfels, K. and Shamovsky, V. and Song, H. and Williams, M. and Birney, E. and Hermjakob, H. and Stein, L. and D'Eustachio, P.},
	title = {The Reactome pathway knowledgebase},
	journal = {Nucleic Acids Res},
	volume = {42},
	number = {Database issue},
	pages = {D472-7},
	ISSN = {1362-4962 (Electronic)
	0305-1048 (Linking)},
	DOI = {10.1093/nar/gkt1102},
	url = {http://www.ncbi.nlm.nih.gov/pubmed/24243840},
	year = {2014},
	type = {Journal Article}
}

@article{dallmann2012,
	author = {Dallmann, R. and Viola, A. U. and Tarokh, L. and Cajochen, C. and Brown, S. A.},
	title = {The human circadian metabolome},
	journal = {Proceedings of the National Academy of Sciences},
	volume = {109},
	number = {7},
	pages = {2625-2629},
	ISSN = {0027-8424
	1091-6490},
	DOI = {10.1073/pnas.1114410109},
	year = {2012},
	type = {Journal Article}
}

@article{daly2014,
	author = {Daly, Rónán and Rogers, Simon and Wandy, Joe and Jankevics, Andris and Burgess, Karl E. V. and Breitling, Rainer},
	title = {MetAssign: probabilistic annotation of metabolites from LC–MS data using a Bayesian clustering approach},
	journal = {Bioinformatics},
	volume = {30},
	number = {19},
	pages = {2764-2771},
	ISSN = {1460-2059
	1367-4803},
	DOI = {10.1093/bioinformatics/btu370},
	year = {2014},
	type = {Journal Article}
}

@article{danaher2014,
	author = {Danaher, Patrick and Wang, Pei and Witten, Daniela M.},
	title = {The joint graphical lasso for inverse covariance estimation across multiple classes},
	journal = {Journal of the Royal Statistical Society: Series B (Statistical Methodology)},
	volume = {76},
	number = {2},
	pages = {373-397},
	ISSN = {13697412},
	DOI = {10.1111/rssb.12033},
	year = {2014},
	type = {Journal Article}
}

@article{dawid1993,
	author = {Dawid, A. P. and Lauritzen, S. L.},
	title = {Hyper Markov Laws in the Statistical Analysis of Decomposable Graphical Models},
	journal = {The Annals of Statistics},
	volume = {21},
	number = {3},
	pages = {1272-1317},
	ISSN = {0090-5364},
	DOI = {10.1214/aos/1176349260},
	year = {1993},
	type = {Journal Article}
}

@article{defilippis2015,
	author = {DeFilippis, A. P. and Chernyavskiy, I. and Amraotkar, A. R. and Trainor, P. J. and Kothari, S. and Ismail, I. and Hargis, C. W. and Korley, F. K. and Leibundgut, G. and Tsimikas, S. and Rai, S. N. and Bhatnagar, A.},
	title = {Circulating levels of plasminogen and oxidized phospholipids bound to plasminogen distinguish between atherothrombotic and non-atherothrombotic myocardial infarction},
	journal = {J Thromb Thrombolysis},
	ISSN = {1573-742X (Electronic)
	0929-5305 (Linking)},
	DOI = {10.1007/s11239-015-1292-5},
	url = {http://www.ncbi.nlm.nih.gov/pubmed/26510751},
	year = {2015},
	type = {Journal Article}
}

@article{defilippis2017,
	author = {DeFilippis, Andrew P. and Trainor, Patrick J. and Hill, Bradford G. and Amraotkar, Alok R. and Rai, Shesh N. and Hirsch, Glenn A. and Rouchka, Eric C. and Bhatnagar, Aruni},
	title = {Identification of a plasma metabolomic signature of thrombotic myocardial infarction that is distinct from non-thrombotic myocardial infarction and stable coronary artery disease},
	journal = {Plos One},
	volume = {12},
	number = {4},
	pages = {e0175591},
	ISSN = {1932-6203},
	DOI = {10.1371/journal.pone.0175591},
	year = {2017},
	type = {Journal Article}
}

@article{delude2015,
	author = {Delude, Cathryn M.},
	title = {Deep phenotyping: The details of disease},
	journal = {Nature},
	volume = {527},
	number = {7576},
	pages = {S14-S15},
	ISSN = {0028-0836
	1476-4687},
	DOI = {10.1038/527S14a},
	year = {2015},
	type = {Journal Article}
}

@article{desai2017,
	author = {Desai, Moreshwar S. and Mathur, Bhoomika and Eblimit, Zeena and Vasquez, Hernan and Taegtmeyer, Heinrich and Karpen, Saul J. and Penny, Daniel J. and Moore, David D. and Anakk, Sayeepriyadarshini},
	title = {Bile acid excess induces cardiomyopathy and metabolic dysfunctions in the heart},
	journal = {Hepatology},
	volume = {65},
	number = {1},
	pages = {189-201},
	ISSN = {02709139},
	DOI = {10.1002/hep.28890},
	year = {2017},
	type = {Journal Article}
}

@article{dobra2011a,
	author = {Dobra, Adrian and Lenkoski, Alex},
	title = {Copula Gaussian graphical models and their application to modeling functional disability data},
	journal = {The Annals of Applied Statistics},
	volume = {5},
	number = {2A},
	pages = {969-993},
	ISSN = {1932-6157},
	DOI = {10.1214/10-aoas397},
	year = {2011},
	type = {Journal Article}
}

@article{dobra2011b,
	author = {Dobra, Adrian and Lenkoski, Alex and Rodriguez, Abel},
	title = {Bayesian Inference for General Gaussian Graphical Models With Application to Multivariate Lattice Data},
	journal = {Journal of the American Statistical Association},
	volume = {106},
	number = {496},
	pages = {1418-1433},
	ISSN = {0162-1459
	1537-274X},
	DOI = {10.1198/jasa.2011.tm10465},
	year = {2011},
	type = {Journal Article}
}

@article{domingo2017,
	author = {Domingo-Almenara, Xavier and Montenegro-Burke, J. Rafael and Benton, H. Paul and Siuzdak, Gary},
	title = {Annotation: A Computational Solution for Streamlining Metabolomics Analysis},
	journal = {Analytical Chemistry},
	volume = {90},
	number = {1},
	pages = {480-489},
	ISSN = {0003-2700
	1520-6882},
	DOI = {10.1021/acs.analchem.7b03929},
	year = {2017},
	type = {Journal Article}
}

@article{dona2016,
	author = {Dona, Anthony C. and Kyriakides, Michael and Scott, Flora and Shephard, Elizabeth A. and Varshavi, Dorsa and Veselkov, Kirill and Everett, Jeremy R.},
	title = {A guide to the identification of metabolites in NMR-based metabonomics/metabolomics experiments},
	journal = {Computational and Structural Biotechnology Journal},
	volume = {14},
	pages = {135-153},
	ISSN = {20010370},
	DOI = {10.1016/j.csbj.2016.02.005},
	year = {2016},
	type = {Journal Article}
}

@article{dunn2012,
	author = {Dunn, Warwick B. and Erban, Alexander and Weber, Ralf J. M. and Creek, Darren J. and Brown, Marie and Breitling, Rainer and Hankemeier, Thomas and Goodacre, Royston and Neumann, Steffen and Kopka, Joachim and Viant, Mark R.},
	title = {Mass appeal: metabolite identification in mass spectrometry-focused untargeted metabolomics},
	journal = {Metabolomics},
	volume = {9},
	number = {S1},
	pages = {44-66},
	ISSN = {1573-3882
	1573-3890},
	DOI = {10.1007/s11306-012-0434-4},
	year = {2012},
	type = {Journal Article}
}

@article{dunn2013,
	author = {Dunn, Warwick B. and Hankemeier, Thomas},
	title = {Mass spectrometry and metabolomics: past, present and future},
	journal = {Metabolomics},
	volume = {9},
	number = {S1},
	pages = {1-3},
	ISSN = {1573-3882
	1573-3890},
	DOI = {10.1007/s11306-013-0507-z},
	year = {2013},
	type = {Journal Article}
}

@article{dunn2014,
	author = {Dunn, Warwick B. and Lin, Wanchang and Broadhurst, David and Begley, Paul and Brown, Marie and Zelena, Eva and Vaughan, Andrew A. and Halsall, Antony and Harding, Nadine and Knowles, Joshua D. and Francis-McIntyre, Sue and Tseng, Andy and Ellis, David I. and O’Hagan, Steve and Aarons, Gill and Benjamin, Boben and Chew-Graham, Stephen and Moseley, Carly and Potter, Paula and Winder, Catherine L. and Potts, Catherine and Thornton, Paula and McWhirter, Catriona and Zubair, Mohammed and Pan, Martin and Burns, Alistair and Cruickshank, J. Kennedy and Jayson, Gordon C. and Purandare, Nitin and Wu, Frederick C. W. and Finn, Joe D. and Haselden, John N. and Nicholls, Andrew W. and Wilson, Ian D. and Goodacre, Royston and Kell, Douglas B.},
	title = {Molecular phenotyping of a UK population: defining the human serum metabolome},
	journal = {Metabolomics},
	volume = {11},
	number = {1},
	pages = {9-26},
	ISSN = {1573-3882
	1573-3890},
	DOI = {10.1007/s11306-014-0707-1},
	year = {2014},
	type = {Journal Article}
}

@Article{eddelbuettel2011,
	title = {{Rcpp}: Seamless {R} and {C++} Integration},
	author = {Dirk Eddelbuettel and Romain Fran\c{c}ois},
	journal = {Journal of Statistical Software},
	year = {2011},
	volume = {40},
	number = {8},
	pages = {1--18},
	url = {http://www.jstatsoft.org/v40/i08/},
	doi = {10.18637/jss.v040.i08},
}

@Book{eddelbuettel2013,
	title = {Seamless {R} and {C++} Integration with {Rcpp}},
	author = {Dirk Eddelbuettel},
	publisher = {Springer},
	address = {New York},
	year = {2013},
	note = {ISBN 978-1-4614-6867-7},
	doi = {10.1007/978-1-4614-6868-4},
}

@Article{eddelbuettel2014,
	title = {RcppArmadillo: Accelerating R with high-performance C++ linear algebra},
	author = {Dirk Eddelbuettel and Conrad Sanderson},
	journal = {Computational	Statistics and Data Analysis},
	year = {2014},
	volume = {71},
	month = {March},
	pages = {1054--1063},
	url = {http://dx.doi.org/10.1016/j.csda.2013.02.005},
}

@article{fabregat2016,
	author = {Fabregat, Antonio and Sidiropoulos, Konstantinos and Garapati, Phani and Gillespie, Marc and Hausmann, Kerstin and Haw, Robin and Jassal, Bijay and Jupe, Steven and Korninger, Florian and McKay, Sheldon and Matthews, Lisa and May, Bruce and Milacic, Marija and Rothfels, Karen and Shamovsky, Veronica and Webber, Marissa and Weiser, Joel and Williams, Mark and Wu, Guanming and Stein, Lincoln and Hermjakob, Henning and D'Eustachio, Peter},
	title = {The Reactome pathway Knowledgebase},
	journal = {Nucleic Acids Research},
	volume = {44},
	number = {D1},
	pages = {D481-D487},
	ISSN = {0305-1048
	1362-4962},
	DOI = {10.1093/nar/gkv1351},
	year = {2016},
	type = {Journal Article}
}

@article{falk2005,
	author = {Falk, Erling},
	title = {Pathogenesis of Atherosclerosis},
	journal = {Journal of the American College of Cardiology},
	volume = {47},
	number = {8},
	pages = {C7-C12},
	ISSN = {07351097},
	DOI = {10.1016/j.jacc.2005.09.068},
	year = {2006},
	type = {Journal Article}
}

@article{fan2001,
	author = {Fan, Jianqing and Li, Runze},
	title = {Variable Selection via Nonconcave Penalized Likelihood and its Oracle Properties},
	journal = {Journal of the American Statistical Association},
	volume = {96},
	number = {456},
	pages = {1348-1360},
	ISSN = {0162-1459
	1537-274X},
	DOI = {10.1198/016214501753382273},
	year = {2001},
	type = {Journal Article}
}

@article{fan2009,
	author = {Fan, Jianqing and Feng, Yang and Wu, Yichao},
	title = {Network exploration via the adaptive LASSO and SCAD penalties},
	journal = {The Annals of Applied Statistics},
	volume = {3},
	number = {2},
	pages = {521-541},
	ISSN = {1932-6157},
	DOI = {10.1214/08-aoas215},
	year = {2009},
	type = {Journal Article}
}

@article{fan2012,
	author = {Fan, Teresa W. M. and Lorkiewicz, Pawel K. and Sellers, Katherine and Moseley, Hunter N. B. and Higashi, Richard M. and Lane, Andrew N.},
	title = {Stable isotope-resolved metabolomics and applications for drug development},
	journal = {Pharmacology \& Therapeutics},
	volume = {133},
	number = {3},
	pages = {366-391},
	ISSN = {01637258},
	DOI = {10.1016/j.pharmthera.2011.12.007},
	year = {2012},
	type = {Journal Article}
}

@article{fan2016,
	author = {Fan, Yong and Li, Yong and Chen, Yan and Zhao, Yi-Jing and Liu, Li-Wei and Li, Jin and Wang, Shi-Lei and Alolga, Raphael N. and Yin, Yin and Wang, Xiang-Ming and Zhao, Dong-Sheng and Shen, Jian-Hua and Meng, Fan-Qi and Zhou, Xin and Xu, Hao and He, Guo-Ping and Lai, Mao-De and Li, Ping and Zhu, Wei and Qi, Lian-Wen},
	title = {Comprehensive Metabolomic Characterization of Coronary Artery Diseases},
	journal = {Journal of the American College of Cardiology},
	volume = {68},
	number = {12},
	pages = {1281-1293},
	ISSN = {07351097},
	DOI = {10.1016/j.jacc.2016.06.044},
	year = {2016},
	type = {Journal Article}
}

@article{ferguson1973,
	author = {Ferguson, Thomas S},
	title = {A Bayesian analysis of some nonparametric problems},
	journal = {The annals of statistics},
	pages = {209-230},
	ISSN = {0090-5364},
	year = {1973},
	type = {Journal Article}
}

@article{ferrebee2015,
	author = {Ferrebee, Courtney B. and Dawson, Paul A.},
	title = {Metabolic effects of intestinal absorption and enterohepatic cycling of bile acids},
	journal = {Acta Pharmaceutica Sinica B},
	volume = {5},
	number = {2},
	pages = {129-134},
	ISSN = {22113835},
	DOI = {10.1016/j.apsb.2015.01.001},
	year = {2015},
	type = {Journal Article}
}

@article{friedman2007,
	author = {Friedman, J. and Hastie, T. and Tibshirani, R.},
	title = {Sparse inverse covariance estimation with the graphical lasso},
	journal = {Biostatistics},
	volume = {9},
	number = {3},
	pages = {432-441},
	ISSN = {1465-4644
	1468-4357},
	DOI = {10.1093/biostatistics/kxm045},
	year = {2007},
	type = {Journal Article}
}

@article{gale2010,
	author = {Gale, Andrew J.},
	title = {Continuing Education Course \#2: Current Understanding of Hemostasis},
	journal = {Toxicologic Pathology},
	volume = {39},
	number = {1},
	pages = {273-280},
	ISSN = {0192-6233
	1533-1601},
	DOI = {10.1177/0192623310389474},
	year = {2010},
	type = {Journal Article}
}

@article{gao2015,
	author = {Gao, Xu and Jia, Min and Zhang, Yan and Breitling, Lutz Philipp and Brenner, Hermann},
	title = {DNA methylation changes of whole blood cells in response to active smoking exposure in adults: a systematic review of DNA methylation studies},
	journal = {Clinical Epigenetics},
	volume = {7},
	number = {1},
	ISSN = {1868-7075
	1868-7083},
	DOI = {10.1186/s13148-015-0148-3},
	year = {2015},
	type = {Journal Article}
}

@article{garcia2012,
	author = {García-Cañaveras, Juan C. and Donato, M. Teresa and Castell, José V. and Lahoz, Agustín},
	title = {Targeted profiling of circulating and hepatic bile acids in human, mouse, and rat using a UPLC-MRM-MS-validated method},
	journal = {Journal of Lipid Research},
	volume = {53},
	number = {10},
	pages = {2231-2241},
	ISSN = {0022-2275
	1539-7262},
	DOI = {10.1194/jlr.D028803},
	year = {2012},
	type = {Journal Article}
}

@book{gelman2004,
		author = {Gelman, Andrew and Carlin, John B. and Stern, Hal S. and Rubin, Donald B.},
		title = {Bayesian Data Analysis},
		publisher = {Chapman \& Hall / CRC},
		address = {Boca Raton, Florida},
		series = {Texts in statistical science},
		ISSN = {158488388X},
		year = {2004}
}

@article{gimbrone2016,
	author = {Gimbrone, Michael A. and García-Cardeña, Guillermo},
	title = {Endothelial Cell Dysfunction and the Pathobiology of Atherosclerosis},
	journal = {Circulation Research},
	volume = {118},
	number = {4},
	pages = {620-636},
	ISSN = {0009-7330
	1524-4571},
	DOI = {10.1161/circresaha.115.306301},
	year = {2016},
	type = {Journal Article}
}

@article{giudici2016,
	author = {Giudici, P. and Spelta, A.},
	title = {Graphical Network Models for International Financial Flows},
	journal = {Journal of Business \& Economic Statistics},
	volume = {34},
	number = {1},
	pages = {128-138},
	ISSN = {0735-0015
	1537-2707},
	DOI = {10.1080/07350015.2015.1017643},
	year = {2016},
	type = {Journal Article}
}

@article{goeman2007,
	author = {Goeman, Jelle J. and Buhlmann, Peter},
	title = {Analyzing gene expression data in terms of gene sets: methodological issues},
	journal = {Bioinformatics},
	volume = {23},
	number = {8},
	pages = {980-987},
	year = {2007},
	doi = {10.1093/bioinformatics/btm051},
	URL = {http://dx.doi.org/10.1093/bioinformatics/btm051}
}

@article{gould1951,
	author = {Gould, R. Gordon},
	title = {Lipid metabolism and atherosclerosis},
	journal = {The American Journal of Medicine},
	volume = {11},
	number = {2},
	pages = {209-227},
	ISSN = {00029343},
	DOI = {10.1016/0002-9343(51)90107-6},
	year = {1951},
	type = {Journal Article}
}

@article{gowda2014,
	author = {Gowda, G. A. Nagana and Djukovic, Danijel},
	title = {Overview of Mass Spectrometry-Based Metabolomics: Opportunities and Challenges},
	volume = {1198},
	pages = {3-12},
	ISSN = {1064-3745
	1940-6029},
	DOI = {10.1007/978-1-4939-1258-2_1},
	year = {2014},
	journal ={Mass Spectrometry in Metabolomics},
	type = {Journal Article}
}

@article{gowda2016,
	author = {Nagana Gowda, G. A. and Raftery, Daniel},
	title = {Recent Advances in NMR-Based Metabolomics},
	journal = {Analytical Chemistry},
	volume = {89},
	number = {1},
	pages = {490-510},
	ISSN = {0003-2700
	1520-6882},
	DOI = {10.1021/acs.analchem.6b04420},
	year = {2016},
	type = {Journal Article}
}

@article{guijas2018,
	author = {Guijas, Carlos and Montenegro-Burke, J. Rafael and Domingo-Almenara, Xavier and Palermo, Amelia and Warth, Benedikt and Hermann, Gerrit and Koellensperger, Gunda and Huan, Tao and Uritboonthai, Winnie and Aisporna, Aries E. and Wolan, Dennis W. and Spilker, Mary E. and Benton, H. Paul and Siuzdak, Gary},
	title = {METLIN: A Technology Platform for Identifying Knowns and Unknowns},
	journal = {Analytical Chemistry},
	volume = {90},
	number = {5},
	pages = {3156-3164},
	ISSN = {0003-2700
	1520-6882},
	DOI = {10.1021/acs.analchem.7b04424},
	year = {2018},
	type = {Journal Article}
}

@article{halket2003,
	author = {John M. Halket and Vladimir G. Zaikin},
	title ={Derivatization in Mass Spectrometry—1. Silylation},
	journal = {European Journal of Mass Spectrometry},
	volume = {9},
	number = {1},
	pages = {1-21},
	year = {2003},
	doi = {10.1255/ejms.527}
}

@article{hamburg2010,
	author = {Hamburg, Margaret A. and Collins, Francis S.},
	title = {The Path to Personalized Medicine},
	journal = {New England Journal of Medicine},
	volume = {363},
	number = {4},
	pages = {301-304},
	ISSN = {0028-4793
	1533-4406},
	DOI = {10.1056/NEJMp1006304},
	year = {2010},
	type = {Journal Article}
}

@book{hastie2009,
	author = {Hastie, Trevor and Tibshirani, Robert and Friedman, J. H.},
	title = {The elements of statistical learning : data mining, inference, and prediction},
	publisher = {Springer},
	address = {New York, NY},
	edition = {2nd},
	series = {Springer series in statistics,},
	pages = {xxii, 745 p.},
	ISBN = {9780387848570 (hardcover alk. paper)
	9780387848587 (electronic)
	0172-7397},
	year = {2009},
	type = {Book}
}

@article{higashi2014,
	author = {Higashi, Richard M. and Fan, Teresa W. M. and Lorkiewicz, Pawel K. and Moseley, Hunter N. B. and Lane, Andrew N.},
	title = {Stable Isotope-Labeled Tracers for Metabolic Pathway Elucidation by GC-MS and FT-MS},
	volume = {1198},
	pages = {147-167},
	ISSN = {1064-3745
	1940-6029},
	DOI = {10.1007/978-1-4939-1258-2_11},
	year = {2014},
	type = {Journal Article},
	journal={Methods in molecular biology}
}

@book{hoff2009,
	author = {Hoff, Peter D.},
	title = {A First Course in Bayesian Statistical Methods},
	publisher = {Springer},
	address = {New York, NY},
	series = {Springer Texts in Statistics},
	ISBN = {9780387922997},
	year = {2009}
}

@article{hoffman2007,
	author = {Hoffman, Maureane and Monroe, Dougald M.},
	title = {Coagulation 2006: A Modern View of Hemostasis},
	journal = {Hematology/Oncology Clinics of North America},
	volume = {21},
	number = {1},
	pages = {1-11},
	ISSN = {08898588},
	DOI = {10.1016/j.hoc.2006.11.004},
	year = {2007},
	type = {Journal Article}
}

@article{hofmann2010,
	author = {Hofmann, Alan F. and Hagey, Lee R. and Krasowski, Matthew D.},
	title = {Bile salts of vertebrates: structural variation and possible evolutionary significance},
	journal = {Journal of Lipid Research},
	volume = {51},
	number = {2},
	pages = {226-246},
	ISSN = {0022-2275
	1539-7262},
	DOI = {10.1194/jlr.R000042},
	year = {2010},
	type = {Journal Article}
}

@article{hoffman2014,
	author = {Hoffman, Matthew D. and Gelman, Andrew},
	title = {The No-U-turn sampler: adaptively setting path lengths in Hamiltonian Monte Carlo},
	journal = {J. Mach. Learn. Res.},
	volume = {15},
	number = {1},
	pages = {1593-1623},
	ISSN = {1532-4435},
	year = {2014},
	type = {Journal Article}
}

@article{johnson2016,
	author = {Johnson, Caroline H. and Ivanisevic, Julijana and Siuzdak, Gary},
	title = {Metabolomics: beyond biomarkers and towards mechanisms},
	journal = {Nature Reviews Molecular Cell Biology},
	volume = {17},
	number = {7},
	pages = {451-459},
	ISSN = {1471-0072
	1471-0080},
	DOI = {10.1038/nrm.2016.25},
	year = {2016},
	type = {Journal Article}
}

@book{jurgen2017,
	author = {Gross, Jurgen H. },
	title = {Mass spectrometry : a textbook},
	publisher = {Springer Berlin Heidelberg},
	address = {New York, NY},
	edition = {3rd edition.},
	pages = {pages cm},
	ISBN = {9783319543970 (hard cover alk. paper)},
	year = {2017},
	type = {Book}
}

@article{khurana2005,
	author = {Khurana, Sandeep and Yamada, Masahisa and Wess, Jürgen and Kennedy, Richard H. and Raufman, Jean-Pierre},
	title = {Deoxycholyltaurine-induced vasodilation of rodent aorta is nitric oxide- and muscarinic M3 receptor-dependent},
	journal = {European Journal of Pharmacology},
	volume = {517},
	number = {1-2},
	pages = {103-110},
	ISSN = {00142999},
	DOI = {10.1016/j.ejphar.2005.05.037},
	year = {2005},
	type = {Journal Article}
}

@article{khurana2011,
	author = {Khurana, Sandeep and Raufman, Jean-Pierre and Pallone, Thomas L.},
	title = {Bile Acids Regulate Cardiovascular Function},
	journal = {Clinical and Translational Science},
	volume = {4},
	number = {3},
	pages = {210-218},
	ISSN = {17528054},
	DOI = {10.1111/j.1752-8062.2011.00272.x},
	year = {2011},
	type = {Journal Article}
}

@article{kanehisa2000,
	author = {Kanehisa, M. and Goto, S.},
	title = {KEGG: kyoto encyclopedia of genes and genomes},
	journal = {Nucleic Acids Res},
	volume = {28},
	number = {1},
	pages = {27-30},
	ISSN = {0305-1048 (Print)
	0305-1048 (Linking)},
	url = {http://www.ncbi.nlm.nih.gov/pubmed/10592173},
	year = {2000},
	type = {Journal Article}
}

@article{kanehisa2016,
	author = {Kanehisa, M. and Sato, Y. and Kawashima, M. and Furumichi, M. and Tanabe, M.},
	title = {KEGG as a reference resource for gene and protein annotation},
	journal = {Nucleic Acids Res},
	volume = {44},
	number = {D1},
	pages = {D457-62},
	ISSN = {1362-4962 (Electronic)
	0305-1048 (Linking)},
	DOI = {10.1093/nar/gkv1070},
	url = {http://www.ncbi.nlm.nih.gov/pubmed/26476454},
	year = {2016},
	type = {Journal Article}
}

@book{kasper2015,
	author = {Kasper, Dennis L.},
	title = {Harrison's principles of internal medicine},
	publisher = {McGraw Hill Education},
	address = {New York},
	edition = {19th edition},
	pages = {1 volume},
	ISBN = {9780071802154},
	year = {2015},
	type = {Book}
}

@article{keating2015,
	author = {Keating, S. T. and El-Osta, A.},
	title = {Epigenetics and Metabolism},
	journal = {Circulation Research},
	volume = {116},
	number = {4},
	pages = {715-736},
	ISSN = {0009-7330
	1524-4571},
	DOI = {10.1161/circresaha.116.303936},
	year = {2015},
	type = {Journal Article}
}

@book{koller2009,
	author = {Koller, Daphne and Friedman, Nir},
	title = {Probabilistic graphical models : principles and techniques},
	publisher = {MIT Press},
	address = {Cambridge, MA},
	series = {Adaptive computation and machine learning},
	ISBN = {9780262013192},
	year = {2009},
	type = {Book}
}

@article{krumsiek2011,
	author = {Krumsiek, Jan and Suhre, Karsten and Illig, Thomas and Adamski, Jerzy and Theis, Fabian J.},
	title = {Gaussian graphical modeling reconstructs pathway reactions from high-throughput metabolomics data},
	journal = {BMC Systems Biology},
	volume = {5},
	number = {1},
	pages = {21},
	ISSN = {1752-0509},
	DOI = {10.1186/1752-0509-5-21},
	year = {2011},
	type = {Journal Article}
}

@article{krycer2017,
	author = {Krycer, James R. and Yugi, Katsuyuki and Hirayama, Akiyoshi and Fazakerley, Daniel J. and Quek, Lake-Ee and Scalzo, Richard and Ohno, Satoshi and Hodson, Mark P. and Ikeda, Satsuki and Shoji, Futaba and Suzuki, Kumi and Domanova, Westa and Parker, Benjamin L. and Nelson, Marin E. and Humphrey, Sean J. and Turner, Nigel and Hoehn, Kyle L. and Cooney, Gregory J. and Soga, Tomoyoshi and Kuroda, Shinya and James, David E.},
	title = {Dynamic Metabolomics Reveals that Insulin Primes the Adipocyte for Glucose Metabolism},
	journal = {Cell Reports},
	volume = {21},
	number = {12},
	pages = {3536-3547},
	ISSN = {22111247},
	DOI = {10.1016/j.celrep.2017.11.085},
	year = {2017},
	type = {Journal Article}
}

@article{kuhl2011,
	author = {Kuhl, Carsten and Tautenhahn, Ralf and Böttcher, Christoph and Larson, Tony R. and Neumann, Steffen},
	title = {CAMERA: An Integrated Strategy for Compound Spectra Extraction and Annotation of Liquid Chromatography/Mass Spectrometry Data Sets},
	journal = {Analytical Chemistry},
	volume = {84},
	number = {1},
	pages = {283-289},
	ISSN = {0003-2700
	1520-6882},
	DOI = {10.1021/ac202450g},
	year = {2011},
	type = {Journal Article}
}

@article{lam2009,
	author = {Lam, Clifford and Fan, Jianqing},
	title = {Sparsistency and rates of convergence in large covariance matrix estimation},
	journal = {The Annals of Statistics},
	volume = {37},
	number = {6B},
	pages = {4254-4278},
	ISSN = {0090-5364},
	DOI = {10.1214/09-aos720},
	year = {2009},
	type = {Journal Article}
}

@article{lenkoski2011,
	author = {Lenkoski, Alex and Dobra, Adrian},
	title = {Computational Aspects Related to Inference in Gaussian Graphical Models With the G-Wishart Prior},
	journal = {Journal of Computational and Graphical Statistics},
	volume = {20},
	number = {1},
	pages = {140-157},
	ISSN = {1061-8600
	1537-2715},
	DOI = {10.1198/jcgs.2010.08181},
	year = {2011},
	type = {Journal Article}
}

@article{lewandowski2009,
	author = {Lewandowski, Daniel and Kurowicka, Dorota and Joe, Harry},
	title = {Generating random correlation matrices based on vines and extended onion method},
	journal = {Journal of Multivariate Analysis},
	volume = {100},
	number = {9},
	pages = {1989-2001},
	ISSN = {0047259X},
	DOI = {10.1016/j.jmva.2009.04.008},
	year = {2009},
	type = {Journal Article}
}

@article{liu2008,
	author = {Liu, Xiong and Yu, Xueping and Zack, Donald J. and Zhu, Heng and Qian, Jiang},
	title = {TiGER: a database for tissue-specific gene expression and regulation},
	journal = {BMC Bioinformatics},
	volume = {9},
	number = {1},
	pages = {271},
	ISSN = {1471-2105},
	DOI = {10.1186/1471-2105-9-271},
	year = {2008},
	type = {Journal Article}
}

@article{liu2016,
	author = {Liu, Ying and Prentice, Kacey J and Eversley, Judith A and Hu, Cheng and Batchuluun, Battsetseg and Leavey, Katherine and Hansen, Jakob B and Wei, David W and Cox, Brian and Dai, Feihan F and Jia, Weiping and Wheeler, Michael B},
	title = {Rapid Elevation in CMPF May Act As a Tipping Point in Diabetes Development},
	journal = {Cell Reports},
	volume = {14},
	number = {12},
	pages = {2889-2900},
	ISSN = {22111247},
	DOI = {10.1016/j.celrep.2016.02.079},
	year = {2016},
	type = {Journal Article}
}

@article{lonsdale2013,
	author = {Lonsdale, John and Thomas, Jeffrey and Salvatore, Mike and Phillips, Rebecca and Lo, Edmund and Shad, Saboor and Hasz, Richard and Walters, Gary and Garcia, Fernando and Young, Nancy and Foster, Barbara and Moser, Mike and Karasik, Ellen and Gillard, Bryan and Ramsey, Kimberley and Sullivan, Susan and Bridge, Jason and Magazine, Harold and Syron, John and Fleming, Johnelle and Siminoff, Laura and Traino, Heather and Mosavel, Maghboeba and Barker, Laura and Jewell, Scott and Rohrer, Dan and Maxim, Dan and Filkins, Dana and Harbach, Philip and Cortadillo, Eddie and Berghuis, Bree and Turner, Lisa and Hudson, Eric and Feenstra, Kristin and Sobin, Leslie and Robb, James and Branton, Phillip and Korzeniewski, Greg and Shive, Charles and Tabor, David and Qi, Liqun and Groch, Kevin and Nampally, Sreenath and Buia, Steve and Zimmerman, Angela and Smith, Anna and Burges, Robin and Robinson, Karna and Valentino, Kim and Bradbury, Deborah and Cosentino, Mark and Diaz-Mayoral, Norma and Kennedy, Mary and Engel, Theresa and Williams, Penelope and Erickson, Kenyon and Ardlie, Kristin and Winckler, Wendy and Getz, Gad and DeLuca, David and MacArthur, Daniel and Kellis, Manolis and Thomson, Alexander and Young, Taylor and Gelfand, Ellen and Donovan, Molly and Meng, Yan and Grant, George and Mash, Deborah and Marcus, Yvonne and Basile, Margaret and Liu, Jun and Zhu, Jun and Tu, Zhidong and Cox, Nancy J. and Nicolae, Dan L. and Gamazon, Eric R. and Im, Hae Kyung and Konkashbaev, Anuar and Pritchard, Jonathan and Stevens, Matthew and Flutre, Timothèe and Wen, Xiaoquan and Dermitzakis, Emmanouil T. and Lappalainen, Tuuli and Guigo, Roderic and Monlong, Jean and Sammeth, Michael and Koller, Daphne and Battle, Alexis and Mostafavi, Sara and McCarthy, Mark and Rivas, Manual and Maller, Julian and Rusyn, Ivan and Nobel, Andrew and Wright, Fred and Shabalin, Andrey and Feolo, Mike and Sharopova, Nataliya and others },
	title = {The Genotype-Tissue Expression (GTEx) project},
	journal = {Nature Genetics},
	volume = {45},
	number = {6},
	pages = {580-585},
	ISSN = {1061-4036
	1546-1718},
	DOI = {10.1038/ng.2653},
	year = {2013},
	type = {Journal Article}
}

@article{lusis2000,
	author = {Lusis, Aldons J.},
	title = {Atherosclerosis},
	journal = {Nature},
	volume = {407},
	number = {6801},
	pages = {233-241},
	ISSN = {00280836},
	DOI = {10.1038/35025203},
	year = {2000},
	type = {Journal Article}
}

@article{markley2017,
	author = {Markley, John L. and Brüschweiler, Rafael and Edison, Arthur S. and Eghbalnia, Hamid R. and Powers, Robert and Raftery, Daniel and Wishart, David S.},
	title = {The future of NMR-based metabolomics},
	journal = {Current Opinion in Biotechnology},
	volume = {43},
	pages = {34-40},
	ISSN = {09581669},
	DOI = {10.1016/j.copbio.2016.08.001},
	year = {2017},
	type = {Journal Article}
}

@article{martincorena2015,
	author = {Martincorena, I. and Campbell, P. J.},
	title = {Somatic mutation in cancer and normal cells},
	journal = {Science},
	volume = {349},
	number = {6255},
	pages = {1483-1489},
	ISSN = {0036-8075
	1095-9203},
	DOI = {10.1126/science.aab4082},
	year = {2015},
	type = {Journal Article}
}

@article{meinshausen2006,
	author = {Meinshausen, Nicolai and Bühlmann, Peter},
	title = {High-dimensional graphs and variable selection with the Lasso},
	journal = {The Annals of Statistics},
	volume = {34},
	number = {3},
	pages = {1436-1462},
	ISSN = {0090-5364},
	DOI = {10.1214/009053606000000281},
	year = {2006},
	type = {Journal Article}
}

@article{meissner2013,
	author = {Meissner, Maxi and Wolters, Henk and de Boer, Rudolf A. and Havinga, Rick and Boverhof, Renze and Bloks, Vincent W. and Kuipers, Folkert and Groen, Albert K.},
	title = {Bile acid sequestration normalizes plasma cholesterol and reduces atherosclerosis in hypercholesterolemic mice. No additional effect of physical activity},
	journal = {Atherosclerosis},
	volume = {228},
	number = {1},
	pages = {117-123},
	ISSN = {00219150},
	DOI = {10.1016/j.atherosclerosis.2013.02.021},
	year = {2013},
	type = {Journal Article}
}

@article{mitchell2014,
	author = {Mitchell, Joshua M. and Fan, Teresa W. M. and Lane, Andrew N. and Moseley, Hunter N. B.},
	title = {Development and in silico evaluation of large-scale metabolite identification methods using functional group detection for metabolomics},
	journal = {Frontiers in Genetics},
	volume = {5},
	ISSN = {1664-8021},
	DOI = {10.3389/fgene.2014.00237},
	year = {2014},
	type = {Journal Article}
}

@article{moriya2017,
	author = {Moriya, Takeo and Satomi, Yoshinori and Murata, Shumpei and Sawada, Hiroshi and Kobayashi, Hiroyuki},
	title = {Effect of gut microbiota on host whole metabolome},
	journal = {Metabolomics},
	volume = {13},
	number = {9},
	ISSN = {1573-3882
	1573-3890},
	DOI = {10.1007/s11306-017-1240-9},
	year = {2017},
	type = {Journal Article}
}

@article{neal2011,
	title={MCMC using Hamiltonian dynamics},
	author={Neal, Radford M.},
	journal={Handbook of Markov Chain Monte Carlo},
	volume={2},
	number={11},
	year={2011},
	publisher={CRC Press New York, NY}
}

@article{newby2012,
	author = {Newby, L. Kristin and Jesse, Robert L. and Babb, Joseph D. and Christenson, Robert H. and De Fer, Thomas M. and Diamond, George A. and Fesmire, Francis M. and Geraci, Stephen A. and Gersh, Bernard J. and Larsen, Greg C. and Kaul, Sanjay and McKay, Charles R. and Philippides, George J. and Weintraub, William S. and Harrington, Robert A. and Bhatt, Deepak L. and Anderson, Jeffrey L. and Bates, Eric R. and Bridges, Charles R. and Eisenberg, Mark J. and Ferrari, Victor A. and Fisher, John D. and Garcia, Mario J. and Gardner, Timothy J. and Gentile, Federico and Gilson, Michael F. and Hernandez, Adrian F. and Hlatky, Mark A. and Jacobs, Alice K. and Kaul, Sanjay and Linderbaum, Jane A. and Moliterno, David J. and Mukherjee, Debabrata and Rosenson, Robert S. and Stein, James H. and Weitz, Howard H. and Wesley, Deborah J.},
	title = {ACCF 2012 Expert Consensus Document on Practical Clinical Considerations in the Interpretation of Troponin Elevations},
	journal = {Journal of the American College of Cardiology},
	volume = {60},
	number = {23},
	pages = {2427-2463},
	ISSN = {07351097},
	DOI = {10.1016/j.jacc.2012.08.969},
	year = {2012},
	type = {Journal Article}
}

@article{newgard2017,
	author = {Newgard, Christopher B.},
	title = {Metabolomics and Metabolic Diseases: Where Do We Stand?},
	journal = {Cell Metabolism},
	volume = {25},
	number = {1},
	pages = {43-56},
	ISSN = {15504131},
	DOI = {10.1016/j.cmet.2016.09.018},
	year = {2017},
	type = {Journal Article}
}

@article{nicholson2008,
	author = {Nicholson, Jeremy K. and Lindon, John C.},
	title = {Systems biology: Metabonomics},
	journal = {Nature},
	volume = {455},
	number = {7216},
	pages = {1054-1056},
	ISSN = {0028-0836
	1476-4687},
	DOI = {10.1038/4551054a},
	year = {2008}
}

@article{nordestgaard2016,
	author = {Nordestgaard, Borge G.},
	title = {Triglyceride-Rich Lipoproteins and Atherosclerotic Cardiovascular Disease},
	journal = {Circulation Research},
	volume = {118},
	number = {4},
	pages = {547-563},
	ISSN = {0009-7330
	1524-4571},
	DOI = {10.1161/circresaha.115.306249},
	year = {2016},
	type = {Journal Article}
}

@article{oh2014,
	author = {Oh, Jung Hun and Deasy, Joseph O.},
	title = {Inference of radio-responsive gene regulatory networks using the graphical lasso algorithm},
	journal = {BMC Bioinformatics},
	volume = {15},
	number = {Suppl 7},
	pages = {S5},
	ISSN = {1471-2105},
	DOI = {10.1186/1471-2105-15-s7-s5},
	year = {2014},
	type = {Journal Article}
}

@article{oleary2016,
	author = {O'Leary, Nuala A. and Wright, Mathew W. and Brister, J. Rodney and Ciufo, Stacy and Haddad, Diana and McVeigh, Rich and Rajput, Bhanu and Robbertse, Barbara and Smith-White, Brian and Ako-Adjei, Danso and Astashyn, Alexander and Badretdin, Azat and Bao, Yiming and Blinkova, Olga and Brover, Vyacheslav and Chetvernin, Vyacheslav and Choi, Jinna and Cox, Eric and Ermolaeva, Olga and Farrell, Catherine M. and Goldfarb, Tamara and Gupta, Tripti and Haft, Daniel and Hatcher, Eneida and Hlavina, Wratko and Joardar, Vinita S. and Kodali, Vamsi K. and Li, Wenjun and Maglott, Donna and Masterson, Patrick and McGarvey, Kelly M. and Murphy, Michael R. and O'Neill, Kathleen and Pujar, Shashikant and Rangwala, Sanjida H. and Rausch, Daniel and Riddick, Lillian D. and Schoch, Conrad and Shkeda, Andrei and Storz, Susan S. and Sun, Hanzhen and Thibaud-Nissen, Francoise and Tolstoy, Igor and Tully, Raymond E. and Vatsan, Anjana R. and Wallin, Craig and Webb, David and Wu, Wendy and Landrum, Melissa J. and Kimchi, Avi and Tatusova, Tatiana and DiCuccio, Michael and Kitts, Paul and Murphy, Terence D. and Pruitt, Kim D.},
	title = {Reference sequence (RefSeq) database at NCBI: current status, taxonomic expansion, and functional annotation},
	journal = {Nucleic Acids Research},
	volume = {44},
	number = {D1},
	pages = {D733-D745},
	ISSN = {0305-1048
	1362-4962},
	DOI = {10.1093/nar/gkv1189},
	year = {2016},
	type = {Journal Article}
}

@article{pavlova2016,
	author = {Pavlova, Natalya N and Thompson, Craig B},
	title = {The Emerging Hallmarks of Cancer Metabolism},
	journal = {Cell Metabolism},
	volume = {23},
	number = {1},
	pages = {27-47},
	ISSN = {15504131},
	DOI = {10.1016/j.cmet.2015.12.006},
	year = {2016},
	type = {Journal Article}
}

@article{peterson2013,
	author = {Peterson, Christine and Vannucci, Marina and Karakas, Cemal and Choi, William and Ma, Lihua and Maletic-Savatic, Mirjana},
	title = {Inferring metabolic networks using the Bayesian adaptive graphical lasso with informative priors},
	journal = {Statistics and Its Interface},
	volume = {6},
	number = {4},
	pages = {547-558},
	ISSN = {19387989
	19387997},
	DOI = {10.4310/SII.2013.v6.n4.a12},
	year = {2013},
	type = {Journal Article}
}
@article{peterson2015,
	author = {Peterson, Christine and Stingo, Francesco C. and Vannucci, Marina},
	title = {Bayesian Inference of Multiple Gaussian Graphical Models},
	journal = {Journal of the American Statistical Association},
	volume = {110},
	number = {509},
	pages = {159-174},
	ISSN = {0162-1459
	1537-274X},
	DOI = {10.1080/01621459.2014.896806},
	year = {2015},
	type = {Journal Article}
}

@article{prentice2014,
	author = {Prentice, Kacey J and Luu, Lemieux and Allister, Emma M and Liu, Ying and Jun, Lucy S and Sloop, Kyle W and Hardy, Alexandre B and Wei, Li and Jia, Weiping and Fantus, I.  George and Sweet, Douglas H and Sweeney, Gary and Retnakaran, Ravi and Dai, Feihan F and Wheeler, Michael B},
	title = {The Furan Fatty Acid Metabolite CMPF Is Elevated in Diabetes and Induces β Cell Dysfunction},
	journal = {Cell Metabolism},
	volume = {19},
	number = {4},
	pages = {653-666},
	ISSN = {15504131},
	DOI = {10.1016/j.cmet.2014.03.008},
	year = {2014},
	type = {Journal Article}
}

@article{putri2013,
	author = {Putri, Sastia P. and Yamamoto, Shinya and Tsugawa, Hiroshi and Fukusaki, Eiichiro},
	title = {Current metabolomics: Technological advances},
	journal = {Journal of Bioscience and Bioengineering},
	volume = {116},
	number = {1},
	pages = {9-16},
	ISSN = {13891723},
	DOI = {10.1016/j.jbiosc.2013.01.004},
	year = {2013},
	type = {Journal Article}
}

@article{rainer2013,
	author = {Rainer, Peter P. and Primessnig, Uwe and Harenkamp, Sandra and Doleschal, Bernhard and Wallner, Markus and Fauler, Guenter and Stojakovic, Tatjana and Wachter, Rolf and Yates, Ameli and Groschner, Klaus and Trauner, Michael and Pieske, Burkert M. and von Lewinski, Dirk},
	title = {Bile acids induce arrhythmias in human atrial myocardium—implications for altered serum bile acid composition in patients with atrial fibrillation},
	journal = {Heart},
	volume = {99},
	number = {22},
	pages = {1685-1692},
	ISSN = {1355-6037
	1468-201X},
	DOI = {10.1136/heartjnl-2013-304163},
	year = {2013},
	type = {Journal Article}
}

@article{rasmussen1999,
	author = {Rasmussen, Carl Edward},
	title = {The infinite Gaussian mixture model},
	journal = {Proceedings of the 12th International Conference on Neural Information Processing Systems},
	pages = {554-560},
	year = {1999},
	type = {Journal Article}
}

@article{roberts2012,
	author = {Roberts, Lee D. and Souza, Amanda L. and Gerszten, Robert E. and Clish, Clary B.},
	title = {Targeted Metabolomics},
	journal = {Current Protocols in Molecular Biology},
	volume = {98},
	number = {1},
	pages = {30.2.1-30.2.24},
	ISSN = {19343639},
	DOI = {10.1002/0471142727.mb3002s98},
	year = {2012},
	type = {Journal Article}
}

@article{rogers2009,
	author = {Rogers, Simon and Scheltema, Richard A. and Girolami, Mark and Breitling, Rainer},
	title = {Probabilistic assignment of formulas to mass peaks in metabolomics experiments},
	journal = {Bioinformatics},
	volume = {25},
	number = {4},
	pages = {512-518},
	ISSN = {1460-2059
	1367-4803},
	DOI = {10.1093/bioinformatics/btn642},
	year = {2009},
	type = {Journal Article}
}

@article{roverato2002,
	author = {Roverato, Alberto},
	title = {Hyper Inverse Wishart Distribution for Non-decomposable Graphs and its Application to Bayesian Inference for Gaussian Graphical Models},
	journal = {Scandinavian Journal of Statistics},
	volume = {29},
	number = {3},
	pages = {391-411},
	ISSN = {0303-6898
	1467-9469},
	DOI = {10.1111/1467-9469.00297},
	year = {2002},
	type = {Journal Article}
}

@article{russell2003,
	author = {Russell, David W.},
	title = {The Enzymes, Regulation, and Genetics of Bile Acid Synthesis},
	journal = {Annual Review of Biochemistry},
	volume = {72},
	number = {1},
	pages = {137-174},
	ISSN = {0066-4154
	1545-4509},
	DOI = {10.1146/annurev.biochem.72.121801.161712},
	year = {2003},
	type = {Journal Article}
}

@book{russell2010,
	author = {Russell, Stuart J. and Norvig, Peter and Davis, Ernest},
	title = {Artificial intelligence : a modern approach},
	publisher = {Prentice Hall},
	address = {Upper Saddle River},
	edition = {3rd},
	series = {Prentice Hall series in artificial intelligence},
	pages = {xviii, 1132 p.},
	ISBN = {9780136042594
	0136042597},
	year = {2010},
	type = {Book}
}

@article{sanderson2016,
	author = {Sanderson, Conrad and Curtin, Ryan},
	title = {Armadillo: a template-based C++ library for linear algebra},
	journal = {The Journal of Open Source Software},
	volume = {1},
	number = {2},
	pages = {26},
	ISSN = {2475-9066},
	DOI = {10.21105/joss.00026},
	year = {2016},
	type = {Journal Article}
}

@article{shlomi2008,
	author = {Shlomi, Tomer and Cabili, Moran N. and Herrgård, Markus J. and Palsson, Bernhard and Ruppin, Eytan},
	title = {Network-based prediction of human tissue-specific metabolism},
	journal = {Nature Biotechnology},
	volume = {26},
	number = {9},
	pages = {1003-1010},
	ISSN = {1087-0156},
	DOI = {10.1038/nbt.1487},
	year = {2008},
	type = {Journal Article}
}

@article{silva2014,
	author = {Silva, R. R. and Jourdan, F. and Salvanha, D. M. and Letisse, F. and Jamin, E. L. and Guidetti-Gonzalez, S. and Labate, C. A. and Vencio, R. Z. N.},
	title = {ProbMetab: an R package for Bayesian probabilistic annotation of LC-MS-based metabolomics},
	journal = {Bioinformatics},
	volume = {30},
	number = {9},
	pages = {1336-1337},
	ISSN = {1367-4803
	1460-2059},
	DOI = {10.1093/bioinformatics/btu019},
	year = {2014},
	type = {Journal Article}
}

@article{smith2005,
	author = {Smith, Colin A. and Maille, Grace O. and Want, Elizabeth J. and Qin, Chuan and Trauger, Sunia A. and Brandon, Theodore R. and Custodio, Darlene E. and Abagyan, Ruben and Siuzdak, Gary},
	title = {Metlin},
	journal = {Therapeutic Drug Monitoring},
	volume = {27},
	number = {6},
	pages = {747-751},
	ISSN = {0163-4356},
	DOI = {10.1097/01.ftd.0000179845.53213.39},
	year = {2005},
	type = {Journal Article}
}

@article{southam2014,
	author = {Southam, Andrew D. and Lange, Anke and Al-Salhi, Raghad and Hill, Elizabeth M. and Tyler, Charles R. and Viant, Mark R.},
	title = {Distinguishing between the metabolome and xenobiotic exposome in environmental field samples analysed by direct-infusion mass spectrometry based metabolomics and lipidomics},
	journal = {Metabolomics},
	volume = {10},
	number = {6},
	pages = {1050-1058},
	ISSN = {1573-3882
	1573-3890},
	DOI = {10.1007/s11306-014-0693-3},
	year = {2014},
	type = {Journal Article}
}

@manual{stan2018,
	title = {{RStan}: the {R} interface to {Stan}},
	author = {{Stan Development Team}},
	note = {R package version 2.17.3},
	year = {2018},
	url = {http://mc-stan.org/},
}

@article{stoll2006,
	author = {Stoll, G. and Bendszus, M.},
	title = {Inflammation and Atherosclerosis: Novel Insights Into Plaque Formation and Destabilization},
	journal = {Stroke},
	volume = {37},
	number = {7},
	pages = {1923-1932},
	ISSN = {0039-2499
	1524-4628},
	DOI = {10.1161/01.str.0000226901.34927.10},
	year = {2006},
	type = {Journal Article}
}

@article{su2014,
	author = {Su, Naifang and Deng, Minghua and Deng, Chao and Qian, Minping and Dai, Ding},
	title = {Using graphical adaptive lasso approach to construct transcription factor and microRNA's combinatorial regulatory network in breast cancer},
	journal = {IET Systems Biology},
	volume = {8},
	number = {3},
	pages = {87-95},
	ISSN = {1751-8849
	1751-8857},
	DOI = {10.1049/iet-syb.2013.0029},
	year = {2014},
	type = {Journal Article}
}

@article{sumner2007,
	author = {Sumner, Lloyd W. and Amberg, Alexander and Barrett, Dave and Beale, Michael H. and Beger, Richard and Daykin, Clare A. and Fan, Teresa W. M. and Fiehn, Oliver and Goodacre, Royston and Griffin, Julian L. and Hankemeier, Thomas and Hardy, Nigel and Harnly, James and Higashi, Richard and Kopka, Joachim and Lane, Andrew N. and Lindon, John C. and Marriott, Philip and Nicholls, Andrew W. and Reily, Michael D. and Thaden, John J. and Viant, Mark R.},
	title = {Proposed minimum reporting standards for chemical analysis},
	journal = {Metabolomics},
	volume = {3},
	number = {3},
	pages = {211-221},
	ISSN = {1573-3882
	1573-3890},
	DOI = {10.1007/s11306-007-0082-2},
	year = {2007},
	type = {Journal Article}
}

@article{sumner2011,
	author = {Lei, Zhentian and Huhman, David V. and Sumner, Lloyd W.},
	title = {Mass Spectrometry Strategies in Metabolomics},
	journal = {Journal of Biological Chemistry},
	volume = {286},
	number = {29},
	pages = {25435-25442},
	ISSN = {0021-9258
	1083-351X},
	DOI = {10.1074/jbc.R111.238691},
	year = {2011},
	type = {Journal Article}
}

@article{tabas2015,
	author = {Tabas, Ira and García-Cardeña, Guillermo and Owens, Gary K.},
	title = {Recent insights into the cellular biology of atherosclerosis},
	journal = {The Journal of Cell Biology},
	volume = {209},
	number = {1},
	pages = {13-22},
	ISSN = {0021-9525
	1540-8140},
	DOI = {10.1083/jcb.201412052},
	year = {2015},
	type = {Journal Article}
}

@article{tan2014,
	author = {Tan, Kean Ming and London, Palma and Mohan, Karthik and Lee, Su-In and Fazel, Maryam and Witten, Daniela M},
	title = {Learning graphical models with hubs},
	journal = {Journal of Machine Learning Research},
	volume = {15},
	number = {1},
	pages = {3297-3331},
	year = {2014},
	type = {Journal Article}
}

@article{tautenhahn2012,
	author = {Tautenhahn, Ralf and Cho, Kevin and Uritboonthai, Winnie and Zhu, Zhengjiang and Patti, Gary J. and Siuzdak, Gary},
	title = {An accelerated workflow for untargeted metabolomics using the METLIN database},
	journal = {Nature Biotechnology},
	volume = {30},
	number = {9},
	pages = {826-828},
	ISSN = {1087-0156
	1546-1696},
	DOI = {10.1038/nbt.2348},
	year = {2012},
	type = {Journal Article}
}

@article{thygesen2012,
	author = {Thygesen, K. and Alpert, J. S. and Jaffe, A. S. and Simoons, M. L. and Chaitman, B. R. and White, H. D. and Joint, E. S. C. Accf A. H. A. W. H. F. Task Force for Universal Definition of Myocardial Infarction and Authors/Task Force Members, Chairpersons and Thygesen, K. and Alpert, J. S. and White, H. D. and Biomarker, Subcommittee and Jaffe, A. S. and Katus, H. A. and Apple, F. S. and Lindahl, B. and Morrow, D. A. and Subcommittee, E. C. G. and Chaitman, B. R. and Clemmensen, P. M. and Johanson, P. and Hod, H. and Imaging, Subcommittee and Underwood, R. and Bax, J. J. and Bonow, J. J. and Pinto, F. and Gibbons, R. J. and Classification, Subcommittee and Fox, K. A. and Atar, D. and Newby, L. K. and Galvani, M. and Hamm, C. W. and Intervention, Subcommittee and Uretsky, B. F. and Steg, P. G. and Wijns, W. and Bassand, J. P. and Menasche, P. and Ravkilde, J. and Trials and Registries, Subcommittee and Ohman, E. M. and Antman, E. M. and Wallentin, L. C. and Armstrong, P. W. and Simoons, M. L. and Trials and Registries, Subcommittee and Januzzi, J. L. and Nieminen, M. S. and Gheorghiade, M. and Filippatos, G. and Trials and Registries, Subcommittee and Luepker, R. V. and Fortmann, S. P. and Rosamond, W. D. and Levy, D. and Wood, D. and Trials and Registries, Subcommittee and Smith, S. C. and Hu, D. and Lopez-Sendon, J. L. and Robertson, R. M. and Weaver, D. and Tendera, M. and Bove, A. A. and Parkhomenko, A. N. and Vasilieva, E. J. and Mendis, S. and Guidelines, E. S. C. Committee for Practice and Bax, J. J. and Baumgartner, H. and Ceconi, C. and Dean, V. and Deaton, C. and Fagard, R. and Funck-Brentano, C. and Hasdai, D. and Hoes, A. and Kirchhof, P. and Knuuti, J. and Kolh, P. and McDonagh, T. and Moulin, C. and Popescu, B. A. and Reiner, Z. and Sechtem, U. and Sirnes, P. A. and Tendera, M. and Torbicki, A. and Vahanian, A. and Windecker, S. and Document, Reviewers and Morais, J. and Aguiar, C. and Almahmeed, W. and others },
	title = {Third universal definition of myocardial infarction},
	journal = {J Am Coll Cardiol},
	volume = {60},
	number = {16},
	pages = {1581-98},
	ISSN = {1558-3597 (Electronic)
	0735-1097 (Linking)},
	DOI = {10.1016/j.jacc.2012.08.001},
	url = {http://www.ncbi.nlm.nih.gov/pubmed/22958960},
	year = {2012},
	type = {Journal Article}
}

@article{trainor2017,
	author = {Trainor, Patrick J. and Hill, Bradford G. and Carlisle, Samantha M. and Rouchka, Eric C. and Rai, Shesh N. and Bhatnagar, Aruni and DeFilippis, Andrew P.},
	title = {Systems characterization of differential plasma metabolome perturbations following thrombotic and non-thrombotic myocardial infarction},
	journal = {Journal of Proteomics},
	volume={160},
	ISSN = {18743919},
	DOI = {10.1016/j.jprot.2017.03.014},
	year = {2017},
	type = {Journal Article}
}

@article{trainor2018,
	author = {Trainor, Patrick J. and Yampolskiy, Roman V. and DeFilippis, Andrew P.},
	title = {Wisdom of artificial crowds feature selection in untargeted metabolomics: An application to the development of a blood-based diagnostic test for thrombotic myocardial infarction},
	journal = {Journal of Biomedical Informatics},
	volume = {81},
	pages = {53-60},
	ISSN = {15320464},
	DOI = {10.1016/j.jbi.2018.03.007},
	year = {2018},
	type = {Journal Article}
}

@article{uhlen2010,
	author = {Uhlen, Mathias and Oksvold, Per and Fagerberg, Linn and Lundberg, Emma and Jonasson, Kalle and Forsberg, Mattias and Zwahlen, Martin and Kampf, Caroline and Wester, Kenneth and Hober, Sophia and Wernerus, Henrik and Björling, Lisa and Ponten, Fredrik},
	title = {Towards a knowledge-based Human Protein Atlas},
	journal = {Nature Biotechnology},
	volume = {28},
	number = {12},
	pages = {1248-1250},
	ISSN = {1087-0156
	1546-1696},
	DOI = {10.1038/nbt1210-1248},
	year = {2010},
	type = {Journal Article}
}

@article{uhlen2015,
	author = {Uhlen, M. and Fagerberg, L. and Hallstrom, B. M. and Lindskog, C. and Oksvold, P. and Mardinoglu, A. and Sivertsson, A. and Kampf, C. and Sjostedt, E. and Asplund, A. and Olsson, I. and Edlund, K. and Lundberg, E. and Navani, S. and Szigyarto, C. A. K. and Odeberg, J. and Djureinovic, D. and Takanen, J. O. and Hober, S. and Alm, T. and Edqvist, P. H. and Berling, H. and Tegel, H. and Mulder, J. and Rockberg, J. and Nilsson, P. and Schwenk, J. M. and Hamsten, M. and von Feilitzen, K. and Forsberg, M. and Persson, L. and Johansson, F. and Zwahlen, M. and von Heijne, G. and Nielsen, J. and Ponten, F.},
	title = {Tissue-based map of the human proteome},
	journal = {Science},
	volume = {347},
	number = {6220},
	pages = {1260419-1260419},
	ISSN = {0036-8075
	1095-9203},
	DOI = {10.1126/science.1260419},
	year = {2015},
	type = {Journal Article}
}

@article{uppal2016,
	author = {Uppal, Karan and Walker, Douglas I. and Liu, Ken and Li, Shuzhao and Go, Young-Mi and Jones, Dean P.},
	title = {Computational Metabolomics: A Framework for the Million Metabolome},
	journal = {Chemical Research in Toxicology},
	volume = {29},
	number = {12},
	pages = {1956-1975},
	ISSN = {0893-228X
	1520-5010},
	DOI = {10.1021/acs.chemrestox.6b00179},
	year = {2016},
	type = {Journal Article}
}

@article{uppal2017,
	author = {Uppal, Karan and Walker, Douglas I. and Jones, Dean P.},
	title = {xMSannotator: An R Package for Network-Based Annotation of High-Resolution Metabolomics Data},
	journal = {Analytical Chemistry},
	volume = {89},
	number = {2},
	pages = {1063-1067},
	ISSN = {0003-2700
	1520-6882},
	DOI = {10.1021/acs.analchem.6b01214},
	year = {2017},
	type = {Journal Article}
}

@book{voet2013,
	author = {Voet, Donald and Voet, Judith G. and Pratt, Charlotte W.},
	title = {Fundamentals of biochemistry : life at the molecular level},
	publisher = {Wiley},
	address = {Hoboken, NJ},
	edition = {4th},
	ISBN = {9780470547847},
	year = {2013},
	type = {Book}
}

@article{wang2011,
	author = {Wang, Thomas J. and Larson, Martin G. and Vasan, Ramachandran S. and Cheng, Susan and Rhee, Eugene P. and McCabe, Elizabeth and Lewis, Gregory D. and Fox, Caroline S. and Jacques, Paul F. and Fernandez, Céline and O'Donnell, Christopher J. and Carr, Stephen A. and Mootha, Vamsi K. and Florez, Jose C. and Souza, Amanda and Melander, Olle and Clish, Clary B. and Gerszten, Robert E.},
	title = {Metabolite profiles and the risk of developing diabetes},
	journal = {Nature Medicine},
	volume = {17},
	number = {4},
	pages = {448-453},
	ISSN = {1078-8956
	1546-170X},
	DOI = {10.1038/nm.2307},
	year = {2011},
	type = {Journal Article}
}

@article{wang2013,
	author = {Wang, Thomas J. and Ngo, Debby and Psychogios, Nikolaos and Dejam, Andre and Larson, Martin G. and Vasan, Ramachandran S. and Ghorbani, Anahita and O’Sullivan, John and Cheng, Susan and Rhee, Eugene P. and Sinha, Sumita and McCabe, Elizabeth and Fox, Caroline S. and O’Donnell, Christopher J. and Ho, Jennifer E. and Florez, Jose C. and Magnusson, Martin and Pierce, Kerry A. and Souza, Amanda L. and Yu, Yi and Carter, Christian and Light, Peter E. and Melander, Olle and Clish, Clary B. and Gerszten, Robert E.},
	title = {2-Aminoadipic acid is a biomarker for diabetes risk},
	journal = {Journal of Clinical Investigation},
	volume = {123},
	number = {10},
	pages = {4309-4317},
	ISSN = {0021-9738},
	DOI = {10.1172/jci64801},
	year = {2013},
	type = {Journal Article}
}

@article{wang2012,
	author = {Wang, Hao},
	title = {Bayesian Graphical Lasso Models and Efficient Posterior Computation},
	journal = {Bayesian Analysis},
	volume = {7},
	number = {4},
	pages = {867-886},
	ISSN = {1936-0975},
	DOI = {10.1214/12-ba729},
	year = {2012},
	type = {Journal Article}
}

@article{warth2017,
	author = {Warth, Benedikt and Levin, Nadine and Rinehart, Duane and Teijaro, John and Benton, H. Paul and Siuzdak, Gary},
	title = {Metabolizing Data in the Cloud},
	journal = {Trends in Biotechnology},
	volume = {35},
	number = {6},
	pages = {481-483},
	ISSN = {01677799},
	DOI = {10.1016/j.tibtech.2016.12.010},
	year = {2017},
	type = {Journal Article}
}

@article{west1987,
	author = {West, Mike},
	title = {On Scale Mixtures of Normal Distributions},
	journal = {Biometrika},
	volume = {74},
	number = {3},
	pages = {646},
	ISSN = {00063444},
	DOI = {10.2307/2336707},
	year = {1987},
	type = {Journal Article}
}

@Manual{wickham2017,
  	title = {roxygen2: In-Line Documentation for R},
  	author = {Hadley Wickham and Peter Danenberg and Manuel Eugster},
  	year = {2017},
  	note = {R package version 6.0.1},
  	url = {https://CRAN.R-project.org/package=roxygen2},
  }

@Manual{wickham2018,
	title = {devtools: Tools to Make Developing R Packages Easier},
	author = {Hadley Wickham and Jim Hester and Winston Chang},
	year = {2018},
	note = {R package version 1.13.5},
	url = {https://CRAN.R-project.org/package=devtools},
}

@article{wishart2016,
	author = {Wishart, David S.},
	title = {Emerging applications of metabolomics in drug discovery and precision medicine},
	journal = {Nature Reviews Drug Discovery},
	volume = {15},
	number = {7},
	pages = {473-484},
	ISSN = {1474-1776
	1474-1784},
	DOI = {10.1038/nrd.2016.32},
	year = {2016},
	type = {Journal Article}
}

@article{wishart2018,
	author = {Wishart, David S. and Feunang, Yannick Djoumbou and Marcu, Ana and Guo, An Chi and Liang, Kevin and Vázquez-Fresno, Rosa and Sajed, Tanvir and Johnson, Daniel and Li, Carin and Karu, Naama and Sayeeda, Zinat and Lo, Elvis and Assempour, Nazanin and Berjanskii, Mark and Singhal, Sandeep and Arndt, David and Liang, Yonjie and Badran, Hasan and Grant, Jason and Serra-Cayuela, Arnau and Liu, Yifeng and Mandal, Rupa and Neveu, Vanessa and Pon, Allison and Knox, Craig and Wilson, Michael and Manach, Claudine and Scalbert, Augustin},
	title = {HMDB 4.0: the human metabolome database for 2018},
	journal = {Nucleic Acids Research},
	volume = {46},
	number = {D1},
	pages = {D608-D617},
	ISSN = {0305-1048
	1362-4962},
	DOI = {10.1093/nar/gkx1089},
	year = {2018},
	type = {Journal Article}
}

@article{xia2010,
	author = {Xia, J. and Wishart, D. S.},
	title = {MetPA: a web-based metabolomics tool for pathway analysis and visualization},
	journal = {Bioinformatics},
	volume = {26},
	number = {18},
	pages = {2342-2344},
	ISSN = {1367-4803
	1460-2059},
	DOI = {10.1093/bioinformatics/btq418},
	year = {2010},
	type = {Journal Article}
}

@article{yin2011,
	author = {Yin, Jianxin and Li, Hongzhe},
	title = {A sparse conditional Gaussian graphical model for analysis of genetical genomics data},
	journal = {The Annals of Applied Statistics},
	volume = {5},
	number = {4},
	pages = {2630-2650},
	ISSN = {1932-6157},
	DOI = {10.1214/11-aoas494},
	year = {2011},
	type = {Journal Article}
}

@article{yuan2007,
	author = {Yuan, M. and Lin, Y.},
	title = {Model selection and estimation in the Gaussian graphical model},
	journal = {Biometrika},
	volume = {94},
	number = {1},
	pages = {19-35},
	ISSN = {0006-3444
	1464-3510},
	DOI = {10.1093/biomet/asm018},
	year = {2007},
	type = {Journal Article}
}

@article{zamboni2015,
	author = {Zamboni, Nicola and Saghatelian, Alan and Patti, Gary J},
	title = {Defining the Metabolome: Size, Flux, and Regulation},
	journal = {Molecular Cell},
	volume = {58},
	number = {4},
	pages = {699-706},
	ISSN = {10972765},
	DOI = {10.1016/j.molcel.2015.04.021},
	year = {2015},
	type = {Journal Article}
}

@article{zou2006,
	author = {Zou, Hui},
	title = {The Adaptive Lasso and Its Oracle Properties},
	journal = {Journal of the American Statistical Association},
	volume = {101},
	number = {476},
	pages = {1418-1429},
	ISSN = {0162-1459
	1537-274X},
	DOI = {10.1198/016214506000000735},
	year = {2006},
	type = {Journal Article}
}
